%%%%%

%% NEUTRINO THEORY, BB REVIEWS, PDG

@Article{Majorana:1937vz,
	author	= "Majorana, Ettore",
	title	= "{Theory of the Symmetry of Electrons and Positrons}",
	journal	= "Nuovo Cim.",
	volume	= "14",
	year		= "1937",
	pages	= "171-184"
}

@article{Gonzalez-Garcia:2007,
	author 	= "Gonzalez-Garcia, M. C. and Maltoni,  M.",
	year 		= "2008",
	journal 	= "Physics Reports",
	volume 	= "460",
	pages 	= "1", 
	note 		= "arXiv:0704.1800 [hep-ph]",
	title   	= "Phenomenology with Massive Neutrinos"
	}
	
@Article{GonzalezGarcia:2010un,
     author    = "Gonzalez-Garcia, M. C. and Maltoni, Michele and Salvado,
                  Jordi",
     title     = "{Robust Cosmological Bounds on Neutrinos and their
                  Combination with Oscillation Results}",
     journal   = "JHEP",
     volume    = "08",
     year      = "2010",
     pages     = "117",
     eprint    = "1006.3795",
     archivePrefix = "arXiv",
     primaryClass  =  "hep-ph",
     doi       = "10.1007/JHEP08(2010)117",
     SLACcitation  = "%%CITATION = 1006.3795;%%"
}

	
@Article{GoeppertMayer:1935,
     author	= "Goeppert-Mayer, M.",
     title	= "{Double beta-disintegration}",
     journal	= "Phys. Rev.",
     volume	= "48",
     year	= "1935",
     pages	= "512-516"
}


@Article{Mena:2005,
     author		= "Mena, Olga",
     title		= "{Unveiling Neutrino Mixing and Leptonic CP Violation}",
     journal   	= "Mod. Phys. Lett.",
     volume    	= "A20",
     year      	= "2005",
     pages     	= "1-17",
     note		= "[arXiv:hep-ph/0503097]"
}

@article{Elliott:2002,
     author    	= "Elliott, Steven R. and Vogel, Petr",
     title     		= "{Double beta decay}",
     journal   	= "Ann. Rev. Nucl. Part. Sci.",
     volume    	= "52",
     year      	= "2002",
     pages     	= "115-151",
     eprint    	= "hep-ph/0202264",
     archivePrefix= "arXiv",
}


@Article{Giunti:2006,
	author	= "Giunti, Carlo",
	title	= "{Theory and phenomenology of neutrino mixing}",
	journal	= "Nucl. Phys. Proc. Suppl.",
	volume	= "169",
	year		= "2007",
	pages	= "309-320",
	note		= "[arXiv:hep-ph/0611125]",
}

@Article{PDG,
     author    		= "Amsler, C. and others",
     collaboration 	= "Particle Data Group",
     title     			= "{Review of particle physics}",
     journal   		= "Phys. Lett.",
     volume    		= "B667",
     year      		= "2008",
     pages     		= "1",
}

@article{Schechter:1982,
	author 	= "Schechter, J.  and Valle, J. W. F.",
	journal 	= "Physical Review",
	pages 	= "2951",
	title 		= "{Neutrinoless double beta decay in SU(2)$\times$U(1) theories}",
	volume 	= "D25",
	year 		= "1982"
}

@Article{Racah:1937qq,
     author		= "Racah, G.",
     title     		= "{On the symmetry of particle and antiparticle}",
     journal		= "Nuovo Cim.",
     volume		= "14",
     year		= "1937",
     pages		= "322",
     note		= "(also in Klapdor-Kleingrothaus, H.~V.: {\it Sixty years of double beta
                  		decay}, 110-116)"
}



@Article{GoeppertMayer:1935qp,
     author	= "Goeppert-Mayer, M.",
     title	= "{Double beta-disintegration}",
     journal	= "Phys. Rev.",
     volume	= "48",
     year	= "1935",
     pages	= "512-516"
}


@Article{Avignone:2005cs,
     author	= "Avignone, F. T. and King, G. S. and Zdesenko, Yu. G.",
     title	= "{Next generation double-beta decay experiments: Metrics for
                  	their evaluation}",
     journal	= "New J. Phys.",
     volume	= "7",
     year	= "2005",
     pages	= "6"
}



%% BB0NU EXPERIMENTS
@Article{NEMO3A,
     author  = "Arnold, R. and others",
     title     	= "{Technical design and performance of the NEMO 3 detector}",
     journal 	= "Nucl. Instrum. Meth.",
     volume = "A536",
     year      = "2005",
     pages	= "79-122",
     note	= "[arXiv:physics/0402115]"
}

@Article{NEMO3B,
	author	= "Arnold, R. and others",	
	collaboration = "NEMO",
     	title		= "{First results of the search of neutrinoless double beta
          	       		 decay with the NEMO 3 detector}",
     	journal	= "Phys. Rev. Lett.",
     	volume    	= "95",
     	year      	= "2005",
     	pages     	= "182302",
	note    	= "[arXiv:hep-ex/0507083]"
}

@article{Heidelberg-Moscow,
	author  	= "Klapdor-Kleingrothaus, H. V. and others",
	title   	= "{Latest results from the Heidelberg-Moscow double-beta-decay experiment}",
	journal 	= "Eur.\ Phys.\ J.\  A",
	volume 	= "12", 
	year		="2001",
	pages	= "147",
	note		="[arXiv:hep-ph/0103062]"
}
	
@article{Klapdor03,
	author  	= "Klapdor-Kleingrothaus, H. V. and others",
	title   	= "{Search for neutrinoless double beta decay 
				with enriched Ge-76 in Gran Sasso 1990-2003}",
	journal 	= "Phys.\ Lett.",
	volume 	= "B586",
	year		= "2004",
	pages	= "198",
	note		= "[arXiv:hep-ph/0404088]"
}
	  
@article{Klapdor06,
	author	= "Klapdor-Kleingrothaus, H. V. and Krivosheina, I. V.",
	title   	= "The Evidence For The Observation Of $0\nu\beta\beta$ 
				Decay: The Identification Of $0\nu\beta\beta$ Events From The Full Spectra",
	journal 	= "Mod.\ Phys.\ Lett.",
	volume 	= "A21",
	year		= "2006",
	pages	= "1547"
 }
	
@Article{antiKlapdorA,
     author    	= "Aalseth, C. E. and others",
     title     		= "{Comment on 'Evidence for Neutrinoless Double Beta
                  		Decay'}",
     journal   	= "Mod. Phys. Lett.",
     volume    	= "A17",
     year      	= "2002",
     pages     	= "1475-1478",
}

@Article{antiKlapdorB,
     author		= "Zdesenko, Yu. G. and Danevich, F. A. and Tretyak, V. I.",
     title     		= "{Has neutrinoless double beta decay of Ge-76 been really
                  		observed?}",
     journal   	= "Phys. Lett.",
     volume    	= "B546",
     year      	= "2002",
     pages     	= "206-215"
}
	
@Article{IGEX,
     author    		= "Aalseth, C. E. and others",
     collaboration 	= "IGEX",
     title     			= "{Neutrinoless double-beta decay of Ge-76: First results
                  			from  the International Germanium Experiment (IGEX) with
                  			six isotopically  enriched detectors}",
     journal   		= "Phys. Rev.",
     volume    		= "C59",
     year      		= "1999",
     pages     		= "2108-2113"
}
	
@misc{EXO,
	collaboration	= "EXO",
	author		= "Breidenbach, M. and others",
	title			= "{EXO, an advanced Enriched Xenon double-beta decay Observatory
					(Letter of Intent)}",
	note			= "\url{http://www-project.slac.stanford.edu/exo/}",
	year			= "2001"
}

@article{Gotthard98,
	author 	= "Luscher, R.  and others",
  	title		= "Search for beta beta decay in Xe-136: New results from the Gotthard
				experiment",
	journal	= "Phys. Lett.",
	volume	= "B434", 
	pages	="407",
	year		= "1998"
}
	
@Article{Gotthard93,
     author	= "Vuilleumier, J. C. and others",
     title     	= "{Search for neutrinoless double beta decay in Xe-136 with a
                  	time projection chamber}",
     journal	= "Phys. Rev.",
     volume	= "D48",
     year      = "1993",
     pages	= "1009-1020"
}


@Article{Ounalli:2008,
     author	= "Ounalli, L. and Vuilleumier, J-L. and Schenker, D. and
                  	Vuilleumier, J-M.",
     title	= "{New gas mixtures suitable for rare event detection using a
                  	Micromegas-TPC detector}",
     journal	= "JINST",
     volume	= "4",
     year	= "2009",
     pages	= "P01001",
     note	= "arXiv: 0810.0445 [hep-ex]"
}

@Article{CUORE,
     author    	= "Ardito, R. and others",
     title     		= "{CUORE: A cryogenic underground observatory for rare events}",
     year      	= "2005",
     note    		= "[arXiv:hep-ex/0501010]"
}

@Article{GERDA,
     author    	= "Abt, I. and others",
     title     		= "{A new Ge-76 double beta decay experiment at LNGS}",
     year      	= "2004",
     note		= "[arXiv:hep-ex/0404039]"
}

@Article{MAJORANA,
     author			= "Gaitskell, Richard and others",
     collaboration 	= "Majorana",
     title     			= "{White paper on the Majorana zero-neutrino double-beta
                  			decay experiment}",
     year      		= "2003",
     note    			= "[arXiv:nucl-ex/0311013]"
}

@Article{SUPERNEMO,
     author    = "Pahlka, R. Benton",
     collaboration = "SuperNEMO",
     title	= "{The SuperNEMO Experiment}",
     year	= "2008",
     note	= "arXiv: 0810.3169 [hep-ex]"
}

@Article{SNO+,
     author    = "Chen, Mark C.",
     collaboration = "SNO+",
     title	= "{The SNO+ Experiment}",
     year	= "2008",
     note	= "arXiv: 0810.3694 [hep-ex]"
}



%XENON papers


@Article{Xenon10A,
     author	= "Angle, J. and others",
     collaboration= "XENON",
     title 	= "{First Results from the XENON10 Dark Matter Experiment at
                  	the Gran Sasso National Laboratory}",
     journal	= "Phys. Rev. Lett.",
     volume	= "100",
     year	= "2008",
     pages	= "021303",
     note	= "arXiv: 0706.0039 [astro-ph]"
}


@article{Aprile:2008rc,
	author 	="Aprile, E. and others",
	year		="2008",
	title		="New Measurement of the Relative Scintillation Efficiency of {Xenon} Nuclear
				Recoils Below {10 keV}",
	note		="arXiv:0810.0274 [astro-ph]"
}
  
 @book{Aprile-book,
	author 	="Aprile, E. and Bolotnikov, A. I and Bolozdynya, A. I. and Doke, T.",
	year		="2006",
	title		="Noble gas detectors",
	publisher	="Wiley-VCN"
   }


@Article{Aprile:2009yh,
     author    = "Aprile, Elena and Baudis, Laura and Collaboration, for the
                  XENON100",
     title     = "{Status and Sensitivity Projections for the XENON100 Dark
                  Matter Experiment}",
     year      = "2009",
     note    = "arXiv: 0902.4253 [astro-ph.IM] ",
     archivePrefix = "arXiv"
}


@Article{Suzuki:1979km,
     author    = "Suzuki, M. and Kubota, S.",
     title     = "{Mechanism of proportional scintillation in argon, krypton and xenon}",
     journal   = "Nucl. Instrum. Meth.",
     volume    = "164",
     year      = "1979",
     pages     = "197-199",
}

@Article{Magboltz,
     author    = "Biagi, S. F.",
     title     = "{Monte Carlo simulation of electron drift and diffusion in counting gases under the influence of electric and magnetic fields}",
     journal   = "Nucl. Instrum. Meth.",
     volume    = "421",
     year      = "1999",
     pages     = "234-240",
}

  
%%%% DARK MATTER
@article{Baudis:2007dq,
  	author	="Baudis, L.",
	year		="2007",	
  	title		="Direct Detection of Cold Dark Matter",
  	note		="arXiv:0711.3788 [astro-ph]"
  }
 
%%%% EXO
@article{Akimov:2005mq,
	author 	= "Akimov D. and others",
	title 		="{EXO: An advanced Enriched Xenon double-beta decay Observatory}",
	journal	="Nucl.\ Phys.\ Proc.\ Suppl.",
	volume	="138",
	year		="2005",
	pages	="224"
}
  


@Article{Conti:2003av,
     author    = "Conti, E. and others",
 collaboration = "EXO",
     title     = "{Correlated fluctuations between luminescence and
                  ionization in liquid  xenon}",
     journal   = "Phys. Rev.",
     volume    = "B68",
     year      = "2003",
     pages     = "054201",
     eprint    = "hep-ex/0303008",
     archivePrefix = "arXiv",
     doi       = "10.1103/PhysRevB.68.054201",
     SLACcitation  = "%%CITATION = HEP-EX/0303008;%%"
}



%%%% ARDM 
@article{Kaufmann:2007zz,
 	author	= "Kaufmann, L. and Rubbia, A.",
 	title 		="{The ArDM project: A direct detection experiment, based on liquid Argon, for the search of Dark Matter}",
	journal	="Nucl.\ Phys.\ Proc.\ Suppl.",
	volume	="173",
	year		="2007",
	pages	="141"
}
	
%%%% NYGREN papers
@article{Tavora:2004,
	title = "{Intrinsic limitations in the energy resolution of drift-field based radiation detectors: a Monte Carlo simulation study of Xe-filled counters}",
	author = "T\'avora, L.M.N and Conde, C.A.N. and Santos, F.P. and Dias, T.H.V.T. and Rachinhas, P.J.B.M.",
	journal = "Rad.\ Phys.\ Chem.",
	volume = "71",
	year = "2004",
	pages = "723-725"
}

@article{Bolotnikov:97,
	author	="Bolotnikov, A. and Ramsey, B.",
	journal	="Nucl. Inst. Meth.",
	volume	="A396",
	year		="1997",
	title		="The spectroscopic properties of high-pressure xenon",
	pages	="360-370"
}

@article{Nygren:2007zz,
     author	= "Nygren, D.",
     title     	= "{Optimal detectors for WIMP and $0\nu\beta\beta$ searches:
                  	Identical high-pressure xenon gas TPCs?}",
     journal  = "Nucl. Instrum. Meth.",
     volume  = "A581",
     year	 = "2007",
     pages   = "632-642"
}

@article{Nygren:2008,
     author	= "Nygren, D.",
     title     	= "{High pressure Xenon Gas Electroluminescent TPC for $0\nu\beta\beta$ Decay Search}",
     journal	= "Nucl. Instrum. Meth.",
     volume = "A",
     year      = "2009",
     pages	= ""
}

@Article{Fano,
     author	= "Fano, U.",
     title	= "{Ionization Yield of Radiations. 2. The Fluctuations of the
                  	Number of Ions}",
     journal	= "Phys. Rev.",
     volume	= "72",
     year	= "1947",
     pages	= "26-29",
}


@article{Pushkin04,
     author	= "Pushkin, K. N.",
     title	= "{}",
     journal	= "IEE. Trans. Nucl. Sci.",
     volume	= "1157",
     year      = "2004",
}
@article{Kowina:2004,
     author	= "Kowina, P. and others",
     title	= "{}",
     journal	= "Eur. Phys. J. A",
     volume	= "22",
     year	= "2004",
     pages	= "293"	
}

@article{Bolozdynya:96,
     author	= "Bolozdynya, A. and others",
     title	= "{A high pressure xenon self-triggered scintillation drift chamber with
			3D sensitivity in the range of 20-140 keV deposited energy}",
     journal	= "Nuc. Inst. Meth.",
     volume	= "A385",
     year	= "1997",
     pages	= "225"	
}

@article{Monteiro:07,
     author	= "Monteiro, C. M. B. and others",
     title	= "{Secondary scintillation yield in pure xenon}",
     journal	= "JINST",
     volume	= "2",
     year	= "2007",
     pages	= "5001"	
}

@article{Coelho:07,
     author	= "Coelho, L. C. C. and others",
     title	= "{Xenon GPSC high-pressure operation with large-area
			avalanche photodiode readout}",
     journal	= "Nuc. Inst. Meth.",
     volume	= "A575",
     year      = "2007",
     pages	= "444"	
}


@article{Lopes:03,
     author	="Lopes, J. A. M.  and others",
     title     	="VUV detection in large-area avalanche photodiodes as a
			function of temperature ",
     journal	="Nuc. Inst. Meth. A",
     volume	="A504",
     year	="2003",
     pages	="331-334"
}

@article{Borges:99,
	title 		= "Operation of gas proportional scintillation counters
				 in a low charge multiplication regime",
	journal 	="Nucl. Instr. Meth.",
	volume 	= "A422",
	pages 	= "321-325",
	year 		= "1999",
	author 	= "F. I. G. M. Borges and J. M. F. dos Santos and T. H. V. T. Dias and 
				F. P. Santos and P. J. B. M. Rachinhas and C. A. N. Conde"
}

@book{Conde:04,
     author    	="Conde, C. A. N.",
     title		="Gas Proportional Scintillation Counters for x-ray spectrometry",
     publisher   	= "John Wiley \& sons",
     year      	= "2004",
     note     		= "Chapter 4.2 in {\em X-ray Spectrometry: Recent Technical Advances}, K. Tsuji, 
			     J. Injuk and R. van Greiken, eds"
}

@article{Conde:67,
	author	="Conde, C. A. N.  and Policarpo, A. J. P. L.",
	journal	="Nucl. Instr. Meth.",
	volume	="53",
	year		="1967",
	pages	="7-12"
}

@Article{Charpak:75,
     author		= "Charpak, Georges and Majewski, S. and Sauli, F.",
     title     		= "{The scintillating drift chamber: A new tool for high
                  		accuracy, very  high rate particle localization}",
     journal   	= "Nucl. Instr. Meth.",
     volume    	="126",
     year      	="1975",
     pages     	="381"
}

@misc{Charpak:81,
	author	="Charpak, G.  Ngoc, H. N. and Policarpo, J. P. L.", 
	title		="Neutral Radiation Detection and Localization",
	year		="1981", 
	note		="US Patent 4,286,158, August 25, 1981"
}

@article{GEANT4,
	author	="Agostinelli, S. and others",
	title		="GEANT4: A simulation toolkit",
	journal	="Nucl. Instrum. Meth.",
	volume	="A506",
	year		="2003",
	pages	="250"
}

@Article{DECAY4,
     author	= "Ponkratenko, O. A. and Tretyak, V. I. and Zdesenko, Yu. G.",
     title	= "{The Event generator DECAY4 for simulation of double beta
                  	processes and decay of radioactive nuclei}",
     journal	= "Phys. Atom. Nucl.",
     volume	= "63",
     year	= "2000",
     pages	= "1282-1287",
     note	= "[arXiv:nucl-ex/0104018]"
}


%%%% MICROMEGAS

@Article{Giomataris:1995,
     author 		= "Giomataris, Y. and Rebourgeard, P. and Robert, J. P. and
                  		Charpak, Georges",
     title     		= "{MICROMEGAS: A high-granularity position-sensitive gaseous
                  		detector for  high particle-flux environments}",
     journal   	= "Nucl. Instrum. Meth.",
     volume    	= "A376",
     year      	= "1996",
     pages     	= "29-35"
}

@Article{Giomataris:1998,
     author    	= "Giomataris, Y.",
     title     		= "{Development and prospects of the new gaseous detector
                  		'Micromegas'}",
     journal   	= "Nucl. Instr. Meth.",
     volume    	= "A419",
     year      	= "1998",
     pages     	= "239-250"
}

@Article{Rodin:2007,
     author    = "Rodin, V. A. and Faessler, A. and Simkovic, F. and Vogel,
                  P.",
     title     = "{Assessment of uncertainties in QRPA 0nu beta beta-decay
                  nuclear matrix elements}",
     journal   = "Nucl. Phys.",
     volume    = "A766",
     year      = "2006",
     pages     = "107-131",
     note = "arXiv: 0706.4304 [nucl-th]",
}

%% REVIEWS ON DOUBLE BETA DECAY

@Article{GomezCadenas:2010gs,
     author    = "Gomez-Cadenas, J. J. and others",
     title     = "{Sense and sensitivity of double beta decay experiments}",
     year      = "2010",
     eprint    = "1010.5112",
     archivePrefix = "arXiv",
     primaryClass  =  "hep-ex",
     SLACcitation  = "%%CITATION = 1010.5112;%%"
}

@Article{Avignone:2008,
     author    = "Avignone III, Frank T. and Elliott, Steven R. and Engel,
                  Jonathan",
     title     = "{Double Beta Decay, Majorana Neutrinos, and Neutrino
                  Mass}",
     journal   = "Rev. Mod. Phys.",
     volume    = "80",
     year      = "2008",
     pages     = "481-516",
     eprint    = "0708.1033",
     archivePrefix = "arXiv",
     primaryClass  =  "nucl-ex",
}

@Article{Giuliani:2010,
     author    = "Giuliani, Andrea",
     title     = "{Searches for neutrinoless double beta decay}",
     journal   = "Acta Phys. Polon.",
     volume    = "B41",
     year      = "2010",
     pages     = "1447-1468",
}

@Article{Schechter:1981bd,
     author    = "Schechter, J. and Valle, J. W. F.",
     title     = "{Neutrinoless double-beta decay in SU(2)$\times$U(1) theories}",
     journal   = "Phys. Rev.",
     volume    = "D25",
     year      = "1982",
     pages     = "2951",
}

@Article{Hirsch:2006yk,
     author    = "Hirsch, Martin and Kovalenko, Sergey and Schmidt, Ivan",
     title     = "{Extended Black Box Theorem for Lepton Number and Flavor
                  Violating processes}",
     journal   = "Phys. Lett.",
     volume    = "B642",
     year      = "2006",
     pages     = "106-110",
     eprint    = "hep-ph/0608207",
     archivePrefix = "arXiv",
}

%% HEIDELBERG-MOSCOW
@Article{Klapdor:2000sn,
      author         = "Klapdor-Kleingrothaus, H.V. and others",
      title          = "{Latest results from the Heidelberg-Moscow double beta
                        decay experiment}",
      journal        = "Eur. Phys. J.",
      volume         = "A12",
      pages          = "147-154",
      year           = "2001",
      eprint         = "hep-ph/0103062",
      archivePrefix  = "arXiv",
      primaryClass   = "hep-ph",
}

%% KLAPDOR'S CLAIM
@Article{KlapdorKleingrothaus:2001ke,
     author    = "Klapdor-Kleingrothaus, H. V. and Dietz, A. and Harney, H.
                  L. and Krivosheina, I. V.",
     title     = "{Evidence for Neutrinoless Double Beta Decay}",
     journal   = "Mod. Phys. Lett.",
     volume    = "A16",
     year      = "2001",
     pages     = "2409-2420",
     eprint    = "hep-ph/0201231",
     archivePrefix = "arXiv",
}

@Article{Aalseth:2002dt,
     author    = "Aalseth, C. E. and others",
     title     = "{Comment on 'Evidence for Neutrinoless Double Beta
                  Decay'}",
     journal   = "Mod. Phys. Lett.",
     volume    = "A17",
     year      = "2002",
     pages     = "1475-1478",
     eprint    = "hep-ex/0202018",
     archivePrefix = "arXiv",
}

%% INTERACTING SHELL MODEL
@Article{Caurier:2007wq,
      author         = "Caurier, E. and Men\'endez, J. and Nowacki, F. and Poves,
                        A.",
      title          = "{The Influence of pairing on the nuclear matrix elements
                        of the neutrinoless beta beta decays}",
      journal        = "Phys. Rev. Lett.",
      volume         = "100",
      pages          = "052503",
      year           = "2008",
      eprint         = "0709.2137",
      archivePrefix  = "arXiv",
      primaryClass   = "nucl-th",
}

@Article{Menendez:2008jp,
     author    = "Men\'endez, J. and Poves, A. and Caurier, E. and Nowacki, F.
                  ",
     title     = "{Disassembling the Nuclear Matrix Elements of the
                  Neutrinoless double beta Decay}",
     journal   = "Nucl. Phys.",
     volume    = "A818",
     year      = "2009",
     pages     = "139-151",
     eprint    = "0801.3760",
     archivePrefix = "arXiv",
     primaryClass  =  "nucl-th",
}

@article{Menendez:2009oc,
      author         = "Men\'endez, J. and Poves, A. and Caurier, E. and Nowacki,
                        F.",
      title          = "{The Occupancies of individual orbits and the nuclear
                        matrix element of the Ge-76 neutrinoless beta beta decay}",
      journal        = "Phys.Rev.",
      volume         = "C80",
      pages          = "048501",
      doi            = "10.1103/PhysRevC.80.048501",
      year           = "2009",
      eprint         = "0906.0179",
      archivePrefix  = "arXiv",
      primaryClass   = "nucl-th",
}


% INTERACTING BOSON MODEL
@Article{Barea:2009zza,
     author    = "Barea, J. and Iachello, F.",
     title     = "{Neutrinoless double-beta decay in the microscopic
                  interacting boson model}",
     journal   = "Phys. Rev.",
     volume    = "C79",
     year      = "2009",
     pages     = "044301",
}


%% QRPA
@Article{Kortelainen:2007rh,
     author    = "Kortelainen, Markus and Suhonen, Jouni",
     title     = "{Improved short-range correlations and 0nu beta beta
                  nuclear matrix elements of Ge-76 and Se-82}",
     journal   = "Phys. Rev.",
     volume    = "C75",
     year      = "2007",
     pages     = "051303",
     eprint    = "0705.0469",
     archivePrefix = "arXiv",
     primaryClass  =  "nucl-th",
}

@Article{Kortelainen:2007mn,
     author    = "Kortelainen, Markus and Suhonen, Jouni",
     title     = "{Nuclear matrix elements of neutrinoless double beta decay
                  with improved short-range correlations}",
     journal   = "Phys. Rev.",
     volume    = "C76",
     year      = "2007",
     pages     = "024315",
     eprint    = "0708.0115",
     archivePrefix = "arXiv",
     primaryClass  =  "nucl-th",
}

@Article{Rodin:2007er,
     author    = "Rodin, V. A. and Faessler, A. and Simkovic, F. and Vogel,
                  P.",
     title     = "{Erratum to: ``Assessment of uncertainties in QRPA 
     				0nu beta beta decay nuclear matrix elements''}",
     journal   = "Nucl. Phys.",
     volume    = "A793",
     year      = "2007",
     pages     = "213-215",
     eprint    = "0706.4304",
     archivePrefix = "arXiv",
     primaryClass  =  "nucl-th",
}

@Article{Simkovic:2009pp,
     author    = "Simkovic, Fedor and Faessler, Amand and Muther, Herbert and
                  Rodin, Vadim and Stauf, Markus",
     title     = "{The 0nbb-decay nuclear matrix elements with self-
                  consistent short-range correlations}",
     journal   = "Phys. Rev.",
     volume    = "C79",
     year      = "2009",
     pages     = "055501",
     eprint    = "0902.0331",
     archivePrefix = "arXiv",
     primaryClass  =  "nucl-th",
}

%% QRPA (Jyvaskyla La Plata)
@Article{Suhonen:2010ci,
      author         = "Suhonen, J. and Civitarese, O.",
      title          = "{Effects of orbital occupancies and spin-orbit partners
                        on 0 nu beta beta-decay rates}",
      journal        = "Nucl.Phys.",
      volume         = "A847",
      pages          = "207-232",
      doi            = "10.1016/j.nuclphysa.2010.08.003",
      year           = "2010",
}


%% QRPA (Tubingen)
@article{Simkovic:2008fr,
      author         = "Simkovic, Fedor and Faessler, Amand and Rodin, Vadim and
                        Vogel, Petr and Engel, Jonathan",
      title          = "{Anatomy of nuclear matrix elements for neutrinoless
                        double-beta decay}",
      journal        = "Phys.Rev.",
      volume         = "C77",
      pages          = "045503",
      doi            = "10.1103/PhysRevC.77.045503",
      year           = "2008",
      eprint         = "0710.2055",
      archivePrefix  = "arXiv",
      primaryClass   = "nucl-th",
}

@article{Simkovic:2009fv,
      author         = "Simkovic, Fedor and Faessler, Amand and Vogel, Petr",
      title          = "{0 nu beta beta nuclear matrix elements and the occupancy
                        of individual orbits}",
      journal        = "Phys.Rev.",
      volume         = "C79",
      pages          = "015502",
      doi            = "10.1103/PhysRevC.79.015502",
      year           = "2009",
      eprint         = "0812.0348",
      archivePrefix  = "arXiv",
      primaryClass   = "nucl-th",
}


@Article{Simkovic:2009cu,
     author    = "Simkovic, Fedor and Faessler, Amand and Muther, Herbert and
                  Rodin, Vadim and Stauf, Markus",
     title     = "{The 0nbb-decay nuclear matrix elements with self-
                  consistent short-range correlations}",
     journal   = "Phys. Rev.",
     volume    = "C79",
     year      = "2009",
     pages     = "055501",
     eprint    = "0902.0331",
     archivePrefix = "arXiv",
     primaryClass  =  "nucl-th",
}



%% HARTREE-FOCK-BOGOLIUBOV
@Article{Chandra:2009my,
     author    = "Chandra, R. and Chaturvedi, K. and Rath, P. K. and Raina,
                  P. K. and Hirsch, J. G.",
     title     = "{Multipolar correlations and deformation effect on nuclear
                  transition matrix elements of double-$\beta $ decay}",
     journal   = "Europhys. Lett.",
     volume    = "86",
     year      = "2009",
     pages     = "32001",
     eprint    = "0902.0658",
     archivePrefix = "arXiv",
     primaryClass  =  "nucl-th",
}


%% GCM
@Article{Rodriguez:2010mn,
      author         = "Rodr\'iguez, Tom\'as R. and Mart\'inez-Pinedo, G.",
      title          = "{Energy density functional study of nuclear matrix
                        elements for neutrinoless $\beta\beta$ decay}",
      year           = "2010",
      eprint         = "1008.5260",
      archivePrefix  = "arXiv",
      primaryClass   = "nucl-th",
}

%% PROPERTIES BB ISOTOPES
@article{Audi:2003,
	author = "G. Audi and A. H. Wapstra and C. Thibault",
	title = "The 2003 atomic mass evaluation: (II). Tables, graphs and references",
	journal = "Nuclear Physics A",
	volume = "729",
	number = "1",
	pages = "337",
	year = "2003",
}

@Article{Mount:2010zz,
     author    = "Mount, Brianna J. and Redshaw, Matthew and Myers, Edmund G.
                  ",
     title     = "{Double-beta-decay Q values of Se-74 and Ge-76}",
     journal   = "Phys. Rev.",
     volume    = "C81",
     year      = "2010",
     pages     = "032501",
}

@Article{Nxumalo:1993jn,
	author = "J. N. Nxumalo and J. G. Hykawy and P. P. Unger and 
		C. A. Lander and R. C. Barber and K. S. Sharma and H. E. Duckworth",
	title = "{Energy available for the double beta decay of $^{82}$Se}",
	journal = "Physics Letters B",
	volume = "302",
	number = "1",
	pages = "13 - 14",
	year = "1993",
}

@Article{Redshaw:2009zz,
     author    = "Redshaw, Matthew and Mount, Brianna J. and Myers, Edmund G.
                  and Avignone, Frank T.",
     title     = "{Masses of Te-130 and Xe-130 and Double-beta-Decay Q Value
                  of Te-130}",
     journal   = "Phys. Rev. Lett.",
     volume    = "102",
     year      = "2009",
     pages     = "212502",
}

@Article{Redshaw:2007un,
  title = {Mass and Double-Beta-Decay $Q$ Value of $^{136}Xe$},
  author = {Redshaw, Matthew  and Wingfield, Elizabeth  and McDaniel, Joseph  and Myers, Edmund G.},
  journal = {Phys. Rev. Lett.},
  volume = {98},
  number = {5},
  pages = {053003},
  numpages = {4},
  year = {2007},
  month = {Feb},
  doi = {10.1103/PhysRevLett.98.053003},
  publisher = {American Physical Society}
}

@Article{Kolhinen:2010zz,
     author    = "Kolhinen, V. S. and others",
     title     = "{Double-beta decay Q value of Nd-150}",
     journal   = "Phys. Rev.",
     volume    = "C82",
     year      = "2010",
     pages     = "022501",
}

@Article{Zuber:2005fu,
     author    = "Zuber, K.",
     title     = "{Summary of the workshop on: 'Nuclear matrix elements for
                  neutrinoless double beta decay'}",
     year      = "2005",
     eprint    = "nucl-ex/0511009",
     archivePrefix = "arXiv",
}

@article{Fang:2010qh,
      author         = "Fang, Dong-Liang and Faessler, Amand and Rodin, Vadim and
                        Simkovic, Fedor",
      title          = "{Neutrinoless double-beta decay of $^{150}$Nd accounting
                        for deformation}",
      journal        = "Phys.Rev.",
      volume         = "C82",
      pages          = "051301",
      doi            = "10.1103/PhysRevC.82.051301",
      year           = "2010",
      eprint         = "1009.5579",
      archivePrefix  = "arXiv",
      primaryClass   = "nucl-th",
}


%% NUCLEAR MATRIX ELEMENTS (GENERAL)
@Article{Feldmeier:1997zh,
      author         = "Feldmeier, H. and Neff, T. and Roth, R. and Schnack, J.",
      title          = "{A Unitary correlation operator method}",
      journal        = "Nucl.Phys.",
      volume         = "A632",
      pages          = "61-95",
      doi            = "10.1016/S0375-9474(97)00805-1",
      year           = "1998",
      eprint         = "nucl-th/9709038",
      archivePrefix  = "arXiv",
      primaryClass   = "nucl-th",
}

@Article{Simkovic:1999re,
      author         = "Simkovic, F. and Pantis, G. and Vergados, J.D. and
                        Faessler, Amand",
      title          = "{Additional nucleon current contributions to neutrinoless
                        double beta decay}",
      journal        = "Phys.Rev.",
      volume         = "C60",
      pages          = "055502",
      doi            = "10.1103/PhysRevC.60.055502",
      year           = "1999",
      eprint         = "hep-ph/9905509",
      archivePrefix  = "arXiv",
      primaryClass   = "hep-ph",
}

@Article{Blennow:2010th,
      author         = "Blennow, Mattias and Fern\'andez-Mart\'inez, Enrique and
                        L\'opez-Pav\'on, Jacobo and Men\'endez, Javier",
      title          = "{Neutrinoless double beta decay in seesaw models}",
      journal        = "JHEP",
      volume         = "1007",
      pages          = "096",
      doi            = "10.1007/JHEP07(2010)096",
      year           = "2010",
      eprint         = "1005.3240",
      archivePrefix  = "arXiv",
      primaryClass   = "hep-ph",
}

@Article{Menendez:2009di,
      author         = "Menendez, J. and Poves, A. and Caurier, E. and Nowacki,
                        F.",
      title          = "{Disassembling the Nuclear Matrix Elements of the
                        Neutrinoless beta beta Decay}",
      journal        = "Nucl.Phys.",
      volume         = "A818",
      pages          = "139-151",
      doi            = "10.1016/j.nuclphysa.2008.12.005",
      year           = "2009",
      eprint         = "0801.3760",
      archivePrefix  = "arXiv",
      primaryClass   = "nucl-th",
}


@article{Menendez:2010id,
      author         = "Menendez, J. and Poves, A. and Caurier, E. and Nowacki,
                        F.",
      title          = "{Novel Nuclear Structure Aspects of the $0 \nu \beta
                        \beta$ Decay}",
      journal        = "J.Phys.Conf.Ser.",
      volume         = "267",
      pages          = "012058",
      doi            = "10.1088/1742-6596/267/1/012058",
      year           = "2011",
      eprint         = "1006.5631",
      archivePrefix  = "arXiv",
      primaryClass   = "nucl-th",
}

%% GERDA
@Article{Abt:2004yk,
     author    = "Abt, I. and others",     
 collaboration = "GERDA",
     title     = "{A new Ge-76 double beta decay experiment at LNGS}",
     year      = "2004",
     eprint    = "hep-ex/0404039",
     archivePrefix = "arXiv",
     SLACcitation  = "%%CITATION = HEP-EX/0404039;%%"
}

@article{Heider:2007cj,
      author         = "Barnab\'e Heider, M. and others",
      title          = "{Operation of a GERDA Phase I prototype detector in
                        liquid argon and nitrogen}",
      year           = "2007",
      eprint         = "0812.3976",
      archivePrefix  = "arXiv",
      primaryClass   = "nucl-ex",
}

@Article{Barabanov:2009zz,
     author    = "Barabanov, I. and others",
     title     = "{Shielding of the GERDA experiment against external gamma
                  background}",
     journal   = "Nucl. Instrum. Meth.",
     volume    = "A606",
     year      = "2009",
     pages     = "790-794",
}

@Article{Zuzel:2010gz,
	author = "Zuzel, G.",
	collaboration = "GERDA",
	title = "{The GERDA experiment at Gran Sasso}",
	year = "2010",
	journal = "Acta Phys. Polon.",
	volume = "B41",
	pages = "1469",	
}


%% MAJORANA
@article{Guiseppe:2008qu,
      author         = "Guiseppe, V.E. and others",
      title          = "{The Majorana Neutrinoless Double-Beta Decay Experiment}",
      collaboration  = "MAJORANA",
      year           = "2008",
      eprint         = "0811.2446",
      archivePrefix  = "arXiv",
      primaryClass   = "nucl-ex",
}

@Article{Elliott:2008xc,
      author         = "Elliott, S.R. and others",
      collaboration  = "MAJORANA",
      title          = "{The Majorana Project}",
      journal        = "J.Phys.Conf.Ser.",
      volume         = "173",
      pages          = "012007",
      year           = "2009",
      eprint         = "0807.1741",
      archivePrefix  = "arXiv",
      primaryClass   = "nucl-ex",
}

@article{Henning:2009tt,
      author         = "Henning, R. and others",
      title          = "{The MAJORANA DEMONSTRATOR: An R\&D project towards a
                        tonne-scale germanium neutrinoless double-beta decay
                        search}",
      collaboration  = "MAJORANA",
      journal        = "AIP Conf.Proc.",
      volume         = "1182",
      pages          = "88-91",
      year           = "2009",
      eprint         = "0907.1581",
      archivePrefix  = "arXiv",
      primaryClass   = "nucl-ex",
}


%% CUORE
@Article{Arnaboldi:2003tu,
     author    = "Arnaboldi, C. and others",
 collaboration = "CUORE",
     title     = "{Physics potential and prospects for the CUORICINO and
                  CUORE  experiments}",
     journal   = "Astropart. Phys.",
     volume    = "20",
     year      = "2003",
     pages     = "91-110",
     eprint    = "hep-ex/0302021",
     archivePrefix = "arXiv",
     doi       = "10.1016/S0927-6505(03)00180-4",
     SLACcitation  = "%%CITATION = HEP-EX/0302021;%%"
}



@Article{Ardito:2005ar,
     author    = "Ardito, R. and others",
     title     = "{CUORE: A cryogenic underground observatory for rare
                  events}",
     year      = "2005",
     eprint    = "hep-ex/0501010",
     archivePrefix = "arXiv",
     SLACcitation  = "%%CITATION = HEP-EX/0501010;%%"
}

@Article{Bandac:2008zz,
     author    = "Bandac, I. C.",
 collaboration = "CUORE",
     title     = "{Search for neutrinoless double beta decay with the CUORE
                  detector}",
     journal   = "J. Phys. Conf. Ser.",
     volume    = "110",
     year      = "2008",
     pages     = "082001",
     doi       = "10.1088/1742-6596/110/8/082001",
     SLACcitation  = "%%CITATION = 00462,110,082001;%%"
}

@Article{Gervasio:2000vj,
     author    = "Gervasio, G.",
 collaboration = "CUORE",
     title     = "{CUORICINO - Large cryogenic detector for double beta
                  decay, WIMPS and  solar axions}",
     journal   = "Nucl. Phys.",
     volume    = "A663",
     year      = "2000",
     pages     = "873-876",
     doi       = "10.1016/S0375-9474(99)00735-6",
     SLACcitation  = "%%CITATION = NUPHA,A663,873;%%"
}

@Article{Sisti:2010zz,
     author    = "Sisti, Monica",
 collaboration = "CUORE",
     title     = "{From Cuoricino to CUORE: Investigating neutrino properties
                  with double beta decay}",
     journal   = "J. Phys. Conf. Ser.",
     volume    = "203",
     year      = "2010",
     pages     = "012069",
     doi       = "10.1088/1742-6596/203/1/012069",
     SLACcitation  = "%%CITATION = 00462,203,012069;%%"
}

@Article{Arnaboldi:2008ds,
     author    = "Arnaboldi, C. and others",
 collaboration = "CUORICINO",
     title     = "{Results from a search for the $0 \nu \beta \beta-$decay of
                  $^{130}$Te}",
     journal   = "Phys. Rev.",
     volume    = "C78",
     year      = "2008",
     pages     = "035502",
     eprint    = "0802.3439",
     archivePrefix = "arXiv",
     primaryClass  =  "hep-ex",
     doi       = "10.1103/PhysRevC.78.035502",
     SLACcitation  = "%%CITATION = 0802.3439;%%"
}




%% EXO

@Article{Danilov:2000pp,
     author    = "Danilov, M. and others",
     title     = "{Detection of very small neutrino masses in double-beta
                  decay using  laser tagging}",
     journal   = "Phys. Lett.",
     volume    = "B480",
     year      = "2000",
     pages     = "12-18",
     eprint    = "hep-ex/0002003",
     archivePrefix = "arXiv",
     doi       = "10.1016/S0370-2693(00)00404-4",
     SLACcitation  = "%%CITATION = HEP-EX/0002003;%%"
}


%% KAMLAND-ZEN
@Article{Terashima:2008zz,
     author    = "Terashima, A. and others",
 collaboration = "KamLAND",
     title     = "{R\&D for possible future improvements of KamLAND}",
     journal   = "J. Phys. Conf. Ser.",
     volume    = "120",
     year      = "2008",
     pages     = "052029",
     doi       = "10.1088/1742-6596/120/5/052029",
     SLACcitation  = "%%CITATION = 00462,120,052029;%%"
}

@InProceedings{Koga:2010ic,
	author		= "Masayuki Koga",
	title		= "{KamLAND double beta decay experiment using $^{136}$Xe}",
	booktitle 	= "International Conference on High Energy Physics (ICHEP)",
	year			= "2010",
}


%% SNO+

@Article{Chen:2008un,
     author    = "Chen, Mark C.",
 collaboration = "SNO+",
     title     = "{The SNO+ Experiment}",
     year      = "2008",
     eprint    = "0810.3694",
     archivePrefix = "arXiv",
     primaryClass  =  "hep-ex",
     SLACcitation  = "%%CITATION = 0810.3694;%%"
}

@Phdthesis{Wright:2009,
	author		= "Wright, Alexander",
	title		= "{Robust Signal Extraction Methods and Monte Carlo Sensitivity Studies for the Sudbury Neutrino Observatory and SNO+ Experiments}",
	year		= "2009",
	school		= "Queen's University",	
}



%% NEXT
@Article{Granena:2009it,
     author    		= "Gra\~nena, F. and others",
 	 collaboration 	= "NEXT",
     title     		= "{NEXT, a HPGXe TPC for neutrinoless double beta decay
                  		searches}",
     year      		= "2009",
     eprint    		= "0907.4054",
     archivePrefix 	= "arXiv",
     primaryClass  	=  "hep-ex",
     SLACcitation  	= "%%CITATION = 0907.4054;%%"
}


@Article{Nygren:2009zz,
     author    = "Nygren, David",
     title     = "{High-pressure xenon gas electroluminescent TPC for 0nu
                  beta beta-decay search}",
     journal   = "Nucl. Instrum. Meth.",
     volume    = "A603",
     year      = "2009",
     pages     = "337-348",
     doi       = "10.1016/j.nima.2009.01.222",
     SLACcitation  = "%%CITATION = NUIMA,A603,337;%%"
}

@Article{Nygren:2007zzc,
     author    = "Nygren, David",
     title     = "{Optimal detectors for WIMP and 0-nu beta beta searches:
                  Identical high-pressure xenon gas TPCs?}",
     journal   = "Nucl. Instrum. Meth.",
     volume    = "A581",
     year      = "2007",
     pages     = "632-642",
     doi       = "10.1016/j.nima.2007.07.062",
     SLACcitation  = "%%CITATION = NUIMA,A581,632;%%"
}


@Article{Yahlali:2010zz,
     author    = "Yahlali, Nadia and others",
 collaboration = "NEXT",
     title     = "{NEXT: Neutrino experiment with high pressure xenon gas
                  TPC}",
     journal   = "Nucl. Instrum. Meth.",
     volume    = "A617",
     year      = "2010",
     pages     = "520-522",
     doi       = "10.1016/j.nima.2009.10.076",
     SLACcitation  = "%%CITATION = NUIMA,A617,520;%%"
}

@Article{GomezCadenas:2008zz,
     author    = "Gomez-Cadenas, J. J. and Martin-Albo, J.",
     title     = "{NEXT, a HPXe TPC for neutrinoless double beta decay
                  searches}",
     journal   = "J. Phys. Conf. Ser.",
     volume    = "136",
     year      = "2008",
     pages     = "042048",
     doi       = "10.1088/1742-6596/136/4/042048",
     SLACcitation  = "%%CITATION = 00462,136,042048;%%"
}

@Article{GomezCadenas:2009zz,
     author    = "Gomez Cadenas, J. J. and Martin-Albo, J. and Munoz Vidal,
                  J. and Sorel, M.",
     title     = "{The NEXT generation of neutrinoless double beta decay
                  experiments}",
     journal   = "J. Phys. Conf. Ser.",
     volume    = "171",
     year      = "2009",
     pages     = "012068",
     doi       = "10.1088/1742-6596/171/1/012068",
     SLACcitation  = "%%CITATION = 00462,171,012068;%%"
}

@Article{Balan:2010kx,
     author    = "Balan, C. and others",
     title     = "{Micromegas operation in high pressure xenon: charge and
                  scintillation readout}",
     year      = "2010",
     eprint    = "1009.2960",
     archivePrefix = "arXiv",
     primaryClass  =  "physics.ins-det",
     SLACcitation  = "%%CITATION = 1009.2960;%%"
}
%% NEMO 3


@Article{Arnold:2005rz,
     author    = "Arnold, R. and others",
 collaboration = "NEMO",
     title     = "{First results of the search of neutrinoless double beta
                  decay with the NEMO 3 detector}",
     journal   = "Phys. Rev. Lett.",
     volume    = "95",
     year      = "2005",
     pages     = "182302",
     eprint    = "hep-ex/0507083",
     archivePrefix = "arXiv",
     doi       = "10.1103/PhysRevLett.95.182302",
     SLACcitation  = "%%CITATION = HEP-EX/0507083;%%"
}

@Article{Argyriades:2008pr,
     author    = "Argyriades, J. and others",
 collaboration = "NEMO",
     title     = "{Measurement of the Double Beta Decay Half-life of 150-Nd
                  and Search for Neutrinoless Decay Modes with the NEMO-3
                  Detector}",
     journal   = "Phys. Rev.",
     volume    = "C80",
     year      = "2009",
     pages     = "032501",
     eprint    = "0810.0248",
     archivePrefix = "arXiv",
     primaryClass  =  "hep-ex",
     doi       = "10.1103/PhysRevC.80.032501",
     SLACcitation  = "%%CITATION = 0810.0248;%%"
}

@Article{Argyriades:2009vq,
     author    = "Argyriades, J. and others",
 collaboration = "NEMO",
     title     = "{Measurement of the background in the NEMO 3 double beta
                  decay experiment}",
     journal   = "Nucl. Instrum. Meth.",
     volume    = "A606",
     year      = "2009",
     pages     = "449-465",
     eprint    = "0903.2277",
     archivePrefix = "arXiv",
     primaryClass  =  "nucl-ex",
     doi       = "10.1016/j.nima.2009.04.011",
     SLACcitation  = "%%CITATION = 0903.2277;%%"
}



%% SUPERNEMO

@Article{Piquemal:2006cd,
     author    = "Piquemal, F.",
 collaboration = "NEMO",
     title     = "{The SuperNEMO project}",
     journal   = "Phys. Atom. Nucl.",
     volume    = "69",
     year      = "2006",
     pages     = "2096-2100",
     doi       = "10.1134/S1063778806120131",
     SLACcitation  = "%%CITATION = PANUE,69,2096;%%"
}

@Article{Vasilev:2006zs,
     author    = "Vasilev, V.",
 collaboration = "NEMO and SuperNEMO",
     title     = "{The NEMO 3 and SuperNEMO experiments}",
     journal   = "Phys. Scripta",
     volume    = "T127",
     year      = "2006",
     pages     = "43-45",
     doi       = "10.1088/0031-8949/2006/T127/016",
     SLACcitation  = "%%CITATION = PHSTB,T127,43;%%"
}

@Article{Shitov:2010nt,
     author    = "Shitov, Yu. A.",
 collaboration = "SuperNEMO",
     title     = "{A Search for Neutrinoless Double Beta Decay: from NEMO-3
                  to SuperNEMO}",
     year      = "2010",
     eprint    = "1006.4775",
     archivePrefix = "arXiv",
     primaryClass  =  "hep-ex",
     SLACcitation  = "%%CITATION = 1006.4775;%%"
}

@Article{Ricol:2006ai,
     author    = "Ricol, J. S",
     title     = "{Results of the NEMO3 experiment}",
     year      = "2006",
     eprint    = "hep-ex/0605104",
     archivePrefix = "arXiv",
     SLACcitation  = "%%CITATION = HEP-EX/0605104;%%"
}

@Article{Arnold:2010tu,
     author    = "Arnold, R. and others",
 collaboration = "SuperNEMO",
     title     = "{Probing New Physics Models of Neutrinoless Double Beta
                  Decay with SuperNEMO}",
     year      = "2010",
     eprint    = "1005.1241",
     archivePrefix = "arXiv",
     primaryClass  =  "hep-ex",
     SLACcitation  = "%%CITATION = 1005.1241;%%"
}

@Phdthesis{Novella:2008,
	author		= "Novella, Pau",
	title		= "{Experimental studies of neutrino nature}",
	year			= "2008",
	school		= "Universidad de Valencia",	
}


%%XAX

@Article{Arisaka:2008mb,
     author    = "Arisaka, K. and others",
     title     = "{XAX: a multi-ton, multi-target detection system for dark
                  matter, double beta decay and pp solar neutrinos}",
     journal   = "Astropart. Phys.",
     volume    = "31",
     year      = "2009",
     pages     = "63-74",
     eprint    = "0808.3968",
     archivePrefix = "arXiv",
     primaryClass  =  "astro-ph",
     doi       = "10.1016/j.astropartphys.2008.11.007",
     SLACcitation  = "%%CITATION = 0808.3968;%%"
}

%%Gotthard

@Article{Busto:96,
     author    = "Busto, J.",
     title     = "{New results from the Gotthard experiment}",
     journal   = "Nuclear Physics B (Proc. Suppl.)",
     volume    = "48",
     year      = "1996",
     pages     = "251-253",
     }

@article{White:2009,
     author	= "White, J.",
     title	= "{A high pressure xenon chamber read with 7 PMTs}",
     journal	= "xxx.",
     volume	= "xxx",
     year	= "xxx",
     pages	= "xxx"	
}


@Article{Fernandes:2010gg,
     author    = "Fernandes, L. M. P. and others",
     title     = "{Primary and secondary scintillation measurements in a
                  xenon Gas Proportional Scintillation Counter}",
     journal   = "JINST",
     volume    = "5",
     year      = "2010",
     pages     = "P09006",
     eprint    = "1009.2719",
     archivePrefix = "arXiv",
     primaryClass  =  "astro-ph.IM",
     doi       = "10.1088/1748-0221/5/09/P09006",
     SLACcitation  = "%%CITATION = 1009.2719;%%"
}

@Article{Freitas:2010zza,
     author    = "Freitas, E. D. C. and others",
     title     = "{Secondary scintillation yield in high-pressure xenon gas
                  for neutrinoless double beta decay (0nu beta beta)
                  search}",
     journal   = "Phys. Lett.",
     volume    = "B684",
     year      = "2010",
     pages     = "205-210",
     doi       = "10.1016/j.physletb.2010.01.013",
     SLACcitation  = "%%CITATION = PHLTA,B684,205;%%"
}

@Article{Bolotnikov,
     author    = "Bolotnikov, A. and Ramsey, B. ",
     title     = "{The spectroscopic properties of high-pressure xenon}",
     journal   = "Nucl. Instrum. Meth.",
     volume    = "396",
     year      = "1997",
     pages     = "360-370",
     doi       = "10.1016/S0168-9002(97)00784-5",
}

@Article{Tanaka2,
     author    = "Tanaka, Y. Jursa, A. S.  and  LeBlanc, F. J.",
     title     = "{Continuous Emission Spectra of Rare Gases in the Vacuum Ultraviolet Region II: Neon and Helium}",
     journal   = "Journal of the Optical Society of America",
     volume    = "48",
     year      = "1958",
     pages     = "304-308",
}


@article{OliveirauE,
      author         = "Oliveira, C. A. B. and others",
      title          = "{A simulation toolkit for electroluminescence assessment
                        in rare event experiments}",
      year           = "2011",
      eprint         = "1103.6237",
      archivePrefix  = "arXiv",
      primaryClass   = "physics.ins-det",
}

@Article{Mulliken,
     author    = "Mulliken, R. S.",
     title     = "{Potential Curves of Diatomic Rare-Gas Molecules and Their Ions with Particular Reference to $Xe_2^*$}",
     journal   = "JThe Journal of Chemical Physics",
     volume    = "52",
     year      = "1970",
     pages     = "5170-5180",
}


@Article{Koehler,
     author    = "Koehler, H. A.  and others",
     title     = "{Vacuum-ultraviolet emission from high-pressure xenon and argon excited by high-current relativistic electron beams}",
     journal   = "Phys. Rev. A",
     volume    = "9",
     year      = "1974",
     pages     = "768-780",
}

@Article{magboltz1,
     author    = "Biagi, S. F.",
     title     = "{Monte Carlo simulation of electron drift and diffusion in counting gases under the influence of electric and magnetic fields}",
     journal   = "Nucl. Inst. Meth. A",
     volume    = "421",
     year      = "1999",
     pages     = "234-240",
}

@misc{garfield,
	note			= "\url{http://garfield.web.cern.ch/garfield/}",
}

@misc{magboltz2,
	note			= "\url{http://consult.cern.ch/writeup/magboltz/}",
}

@Article{JMFSantosPortable,
     author    = "dos Santos, J. M. F. ",
     title     = "{Development of portable gas proportional scintillation counters for x-ray spectrometry}",
     journal   = "X-Ray Spectrometry",
     volume    = "30",
     year      = "2001",
     pages     = "373-381",
}

@Article{nygren,
     author    = "Nygren, D. ",
     title     = "{High-pressure xenon gas electroluminescent TPC for $0-\nu$ $\beta\beta$-decay search}",
     journal   = "Nucl. Inst. Meth.",
     volume    = "603",
     year      = "2009",
     pages     = "337-348",
}

@Article{fano1,
     author    = "de Lima, E. P. and others. ",
     title     = "{Fano Factors of Rare Gases and their mixtures}",
     journal   = "Nucl. Inst. Meth.",
     volume    = "192",
     year      = "1982",
     pages     = "575-581",
}

@Article{fano2,
     author    = "Ribeirete, M. M. F. and others. ",
     title     = "{Fano Factors of Krypton-Xenon mixtures}",
     journal   = "Nucl. Inst. Meth.",
     volume    = "214",
     year      = "1983",
     pages     = "561-563",
}

@Article{fano3,
     author    = "Dias, T. H. V. T. and others. ",
     title     = "{Full-energy absorption of x-ray energies near the Xe L- and K-photoionization thresholds in xenon gas detectors: Simulation and experimental results}",
     journal   = "J. Appl. Phys.",
     volume    = "82",
     year      = "1997",
     pages     = "2742-2753",
}

@Article{3d,
     author    = "Dias, T. H. V. T. and others. ",
     title     = "{Three-dimensional Monte Carlo calculation of the VUV electroluminescence and other electron transport parameters in xenon}",
     journal   = "Journal of Physics D",
     volume    = "27",
     year      = "1994",
     pages     = "42-48",
}

@Article{Monteiro:2007,
     author    = "Monteiro, C. M. B. and others. ",
     title     = "{Secondary scintillation yield in pure xenon}",
     journal   = "Journal of Instrumentation ",
     volume    = "2",
     year      = "2007",
     pages     = "P05001",
}

@misc{RD51,
     collaboration    = "RD51 Collaboration",
     title = "Development of Micro-Pattern Gas Detectors Technologies",
     howpublished      = "{\url{http://rd51-public.web.cern.ch/rd51-public/}}",
}

@misc{Mueller,
author = "Mueller, H.",
title = "{What is SRS?}",
year = "2010",
month = "August 11th",
}

@Article{Gnanvo,
	author = "Gnanvo et al. (including J. Toledo as co--author), K. ",
	title = "{Detection and Imaging of High-Z Materials with a Muon Tomography Station Using GEM Detectors}",
	journal = "IEEE Nucl. Sci. Symp. Conference Records",
	year = "2010",
	eprint  = "1011.3231",
	archivePrefix = "arXiv",
}

@Article{lally1,
	author = "Lally, C. H. and others ",
	title = "{UV quantum efficiencies of organic fluors}",
	journal = "Nucl. Inst. Meth. B",
	volume    = "117",
	year = "1996",
	 pages     = "421-427",
}

@Article{mckinsey,
	author = "McKinsey, D. N. and others ",
	title = "{Fluorescence efficiencies of thin scintillating films in the extreme ultraviolet spectral region}",
	journal = "Nucl. Inst. Meth. B",
	volume    = "132",
	year = "1997",
	 pages     = "351-358",
}
@Article{Lub02,
	author = "Lubzandiorzhev and others ",
	title = "{Enhancement of the Sensitivity of Neutrino-Telescope Optical Modules to Cerenkov Light}",
	journal = "Instruments and Experimental Techniques",
	volume    = "45",
	year = "2002",
	pages     = "742-746",
}
@Article{Gra83,
	author = "Grande, M. and Moss, G. ",
	title = "{An Optimised Thin film Wavelength Shifting Coating for Cherenkov Detection}",
	journal = "Nucl. Instrum. Methods",
	volume    = "215",
	year = "1983",
	pages     = "539-548",
}
@Article{Eig79,
	author = "Eigen, G. and Lorenz, E.",
	title = "{A Method of Coating Photomultipliers with Wavelength Shifters}",
	journal = "Nucl. Instrum. Methods",
	volume    = "166",
	year = "1979",
	pages     = "165-168",
}
@Article{Smi08,
	author = "Smith, A.",
	title = "{A Method of Coating Photomultipliers with Wavelength Shifters}",
	journal = "Nucl. Instrum. Methods",
	volume    = "166",
	year = "1979",
	pages     = "165-168",
}

@Article{Boccone:2009kk,
     author    = "Boccone, V. and others",
 collaboration = "The ArDM",
     title     = "{Development of wavelength shifter coated reflectors for
                  the ArDM argon dark matter detector}",
     journal   = "JINST",
     volume    = "4",
     year      = "2009",
     pages     = "P06001",
     eprint    = "0904.0246",
     archivePrefix = "arXiv",
     primaryClass  =  "physics.ins-det",
     doi       = "10.1088/1748-0221/4/06/P06001",
     SLACcitation  = "%%CITATION = 0904.0246;%%"
}


@misc{Herrero,
author = "Herrero, V. and others",
title = "{AMIC: An Expandable Front-End for Gamma-ray Detectors with Light Distribution Analysis Capabilities}",
howpublished = "Presented at the IEEE Real Time Conference 2010",
}

@Article{Herrero:2009,
author = "Herrero, V. and others",
title = "{Position sensitive scintillator based detector improvements by means o an integrated front-end}",
journal = "NIM",
volume = "A604",
pages = "77-81",
year = "2009",
}

@techreport{Next10:Internal,
	author		= "Dafni, Th. and Liubarsky, I.",
	title		= "{The Gas System for NEXT-10 and NEXT-100 (Conceptual Design Report)}",
	institution	= "{NEXT Collaboration}",
	year			= "2010",
}
 
@phdthesis{RN_ODwyer:2011,
    author   ="O'Dwyer, E.",
    title        ="{Radon Background Reduction in DEAP-1 and DEAP-3600}",
    school  ="{Queens University-Kingston, Ontario, Canada}",
    year      ="2011"
} 

@unpublished{Walker:LTM,
    author   ="Walker for the ZEPLIN III Collaboration, R.",
    title        ="{Electron Lifetime Monitor for ZEPLIN III}"
}

@unpublished{RnImperial,
	title = "{Unpublished Report}",
	institution = "{Imperial College London}"
}

@Article{lally,
     author    = "Lally, C. H. and Davies, G. J. and Jones, W. G. and Smith,
                  N. J. T.",
     title     = "{UV quantum efficiencies of organic fluors}",
     journal = "Nuclear Instruments and Methods in Physics Research",
     volume = "B 117",
     pages = "421-427",	
     year = "1996",
}





















